%% This BibTeX bibliography file was created using BibDesk.
%% http://bibdesk.sourceforge.net/

%% Created for Marvin Rausand at 2011-06-16 13:34:49 +0200 


%% Saved with string encoding Western (Windows Latin 1) 
\nocite{key}


@article{peregrine1983breaking,
  title={Breaking waves on beaches},
  author={Peregrine, D Howell},
  journal={Annual Review of Fluid Mechanics},
  volume={15},
  number={1},
  pages={149--178},
  year={1983},
  publisher={Annual Reviews 4139 El Camino Way, PO Box 10139, Palo Alto, CA 94303-0139, USA}
}

@article{cokelet1977breaking,
  title={Breaking waves},
  author={Cokelet, ED},
  journal={Nature},
  volume={267},
  pages={769--774},
  year={1977}
}


@book{kundu12,
	Author = {Kundu,Pijush and Cowen, Ira M. Cowen and Dowling, David R.},
	Title = {Fluid mechanics fifth edition},
	Year = {2012}}


	@book{gjevik05,
	Address = {University of Oslo},
	Author = {Gjevik, Bjørn and Pedersen, Geir K and Trulsen, Karsten},
	Title = {Lecture Notes Mek 4320 Hydrodynamic Wave theory},
	Year = {2010}}
	
	@Article{miche44,
	author ={Miche, M},
	title = {Le pouvoir reflechissant des ouvrages maritimes exposes a I'action de la houle},
	year = {1944}}
	
	@Article{Barnes09,
	author = {Barnes, M. P. and O'Donoghue, T. and Alsina, J.M. and Baldock, T.E. },
	title = {Direct bed shear stress measurement in bore-driven swash},
	journal = {Coastal Engineering },
	year = {2009},
	OPTpages = {853-867},
	OPTmonth = {May}}
	
@article{grass1995shear,
  title={Shear cell for direct measurement of fluctuating bed shear stress vector in combined wave current flow},
  author={Grass, AJ and Simons, RR and Maciver, RD and Mansour-Tehrani, M and Kalopedis, A},
  year={1995}
}

@Article{cowen03,
author = {Cowen,Edwin A. and  A.M.ASCE and In Mei Sou and A.M.ASCE and Philip L.-F. Liu and F.ASCE and Britt Raubenheimer},
title = {Particle Image Velocimetry Measurements within a Laboratory-Generated Swash Zone},
journal = {J. Eng. Mech},
year = {2003},
OPTvolume = {129}}

@Article{kikkert11,
author = {G.A. Kikkerta and   O'Donoghue, T. and Pokrajacb, D. and Dodd, N.},
title = {Experimental study of bore-driven swash hydrodynamics on impermeable rough slopes},
journal = {Coastal Engineering},
year = {2011},
OPTvolume = {60},
OPTpages = {149–166},
}

@Article{petti01,
author = { Petti, Marco and Longo, Sandro},
title = {Turbulence experiments in the swash zone},
journal = {Coastal Engineering},
year = {2001},
OPTvolume = {43},
OPTnumber = {•},
OPTpages = {1-24},}

@Article{dalziel92,
author = { Dalziel,Stuart B},
title = {Decay of rotating turbulence: some particle tracking experiments},
journal = {Applied Scientific Research },
year = {1992},
OPTvolume = {49},
OPTnumber = {•},
OPTpages = {217-244},}

	
	
	@inbook{sveen04,
	author = {Sveen, J.K and Cowen, E. A.},
	title = {Quantitative imaging techiques and their application to wavy flows},
	booktitle = {PIV and water waves},
	year = {2004},
	OPTbookauthor = {Grue, J and Liu, P. L. F. and Pederesen, G.},
	OPTchapter = {1},
	OPTpages = {1-49},}
	
	

  @misc{digiflow,
  title="DigiFlow User Guide",
  author="Dalziel, Stuart B",
  year={2006},
  howpublished="\url{http://www.damtp.cam.ac.uk/lab/digiflow/digiflow.pdf}",
  note = "[Online; accessed 20-Aug-2014]"}

	
	@article{wu2008direct,
  title={A direct numerical simulation study on the mean velocity characteristics in turbulent pipe flow},
  author={Wu, Xiaohua and Moin, Parviz},
  journal={Journal of Fluid Mechanics},
  volume={608},
  pages={81--112},
  year={2008},
  publisher={Cambridge Univ Press}
}

@misc{MicroS1,
  title="A Micro-Optical Sublayer Profilometer and Shear Stress Sensor",
  author={Measurement science enterprise Inc},
  year={2014},
  howpublished="\url{http://measurementsci.com/papers/microS_brochure.pdf}",
  note = "[Online; accessed 20-Aug-2014]"}


@article{moody1944friction,
  title={Friction factors for pipe flow},
  author={Moody, Lewis F},
  journal={Trans. Asme},
  volume={66},
  number={8},
  pages={671--684},
  year={1944}
}

@InBook{VFF_White,
ALTauthor = {White, Frank M},
title = {Viscous fluid flow},
chapter = {3-3.1},
year = {2006},
OPTpages = {108-110},
}

@article{colebrook1939turbulent,
  title={Turbulent Flow in Pipes, with particular reference to the Transition Region between the Smooth and Rough Pipe Laws.},
  author={Colebrook, Cyril Frank},
  journal={Journal of the ICE},
  volume={11},
  number={4},
  pages={133--156},
  year={1939},
  publisher={Thomas Telford}
}

@inproceedings{modarress2000miniature,
  title={Miniature and micro-Doppler sensors},
  author={Modarress, D and Fourguette, D and Tuagwalder, F and Gharib, M and Forouhar, S and Wilson, D and Scalf, J},
  booktitle={Proc. 10th Int. Symp. on Applications of Laser Techniques to Fluid Mechanics (Lisbon, Portugal, 10--13 July 2000)},
  year={2000}
}
	
@article{sveen2004introduction,
  title={An introduction to MatPIV v. 1.6. 1},
  author={Sveen, Johan Kristian},
  journal={Preprint series. Mechanics and Applied Mathematics http://urn.nb.no/ URN:NBN:no-23418},
  year={2004}
}
	
	@article{mo2013plunging,
  title={Plunging solitary wave and its interaction with a slender cylinder on a sloping beach},
  author={Mo, Weihua and Jensen, Atle and Liu, Philip L-F},
  journal={Ocean Engineering},
  volume={74},
  pages={48--60},
  year={2013},
  publisher={Elsevier}
}

@article{tanaka1986stability,
  title={The stability of solitary waves},
  author={Tanaka, Mitsuhiro},
  journal={Physics of Fluids (1958-1988)},
  volume={29},
  number={3},
  pages={650--655},
  year={1986},
  publisher={AIP Publishing}
}
	@article{lindstrom2011run,
  title={Run-up of solitary waves},
  author={Lindstr{\o}m, Erika Kristina},
  year={2011}
}

@article{jensen2003experimental,
  title={An experimental study of wave run-up at a steep beach},
  author={Jensen, Atle and Pedersen, Geir K and Wood, Deborah J},
  journal={Journal of Fluid Mechanics},
  volume={486},
  pages={161--188},
  year={2003},
  publisher={Cambridge Univ Press}
}

@article{pedersen2013runup,
  title={Runup and boundary layers on sloping beaches},
  author={Pedersen, GK and Lindstr{\o}m, E and Bertelsen, AF and Jensen, A and Laskovski, D and S{\ae}levik, G},
  journal={Physics of Fluids (1994-present)},
  volume={25},
  number={1},
  pages={012102},
  year={2013},
  publisher={AIP Publishing}
}

@article{tanaka1986stability,
  title={The stability of solitary waves},
  author={Tanaka, Mitsuhiro},
  journal={Physics of Fluids (1958-1988)},
  volume={29},
  number={3},
  pages={650--655},
  year={1986},
  publisher={AIP Publishing}
}

@article{fenton1972ninth,
  title={A ninth-order solution for the solitary wave},
  author={Fenton, John},
  journal={Journal of fluid mechanics},
  volume={53},
  number={02},
  pages={257--271},
  year={1972},
  publisher={Cambridge Univ Press}
}

@book{smithson2002fundamentals,
  title={Fundamentals of the physical environment},
  author={Smithson, Peter and Addison, Kenneth and Atkinson, Kenneth},
  year={2002},
  publisher={Psychology Press}
}

@article{grilli1997breaking,
  title={Breaking criterion and characteristics for solitary waves on slopes},
  author={Grilli, ST and Svendsen, IA and Subramanya, R},
  journal={Journal of waterway, port, coastal, and ocean engineering},
  volume={123},
  number={3},
  pages={102--112},
  year={1997},
  publisher={American Society of Civil Engineers}
}

@article{rivillas2012estimation,
  title={Estimation of the velocity field induced by plunging breakers in the surf and swash zones},
  author={Rivillas-Ospina, Germ{\'a}n and Pedrozo-Acu{\~n}a, Adri{\'a}n and Silva, Rodolfo and Torres-Freyermuth, Alec and Gutierrez, C{\'e}sar},
  journal={Experiments in fluids},
  volume={52},
  number={1},
  pages={53--68},
  year={2012},
  publisher={Springer}
}

@article{o2010laboratory,
  title={Laboratory and numerical study of dambreak-generated swash on impermeable slopes},
  author={O'Donoghue, T and Pokrajac, D and Hondebrink, LJ},
  journal={Coastal Engineering},
  volume={57},
  number={5},
  pages={513--530},
  year={2010},
  publisher={Elsevier}
}

@article{christensen2001large,
  title={Large eddy simulation of breaking waves},
  author={Christensen, Erik Damgaard and Deigaard, Rolf},
  journal={Coastal Engineering},
  volume={42},
  number={1},
  pages={53--86},
  year={2001},
  publisher={Elsevier}
}
@article{elfrink2002hydrodynamics,
  title={Hydrodynamics and sediment transport in the swash zone: a review and perspectives},
  author={Elfrink, Berry and Baldock, Tom},
  journal={Coastal Engineering},
  volume={45},
  number={3},
  pages={149--167},
  year={2002},
  publisher={Elsevier}
}

@online{Banner2,
author = {Banner},
title = {U-GAGE S18U Sensors with analog put},
url = {http://info.bannerengineering.com/cs/groups/public/documents/literature/110738.pdf},
}

@misc{Banner1,
  title="U-GAGE S18U Sensors with analog put",
  author="Banner",
  year={2010},
  howpublished="\url{http://info.bannerengineering.com/cs/groups/public/documents/literature/110738.pdf}",
  note = "[Online; accessed 1-Aug-2014]"}

@techreport{beck2008moody,
  title={Moody diagram},
  author={Beck, S and Collins, R},
  year={2008},
  institution={Technical report, University of Sheffield}
}

@misc{ctfm_1,
author={Measurement Science Enterprise, INC,},
title={microS | Measurement Science Enterprise, INC},
url={http://measurementsci.com/products/micros/},
year={2014}
}

@article {Dictionary.com2014,
    title = {Dictionary.com Unabridged},
    month = {Nov},
    day = {16},
    year = {2014},
    url = {http://dictionary.reference.com/browse/surf-zone},
}

@article{elfrink2002hydrodynamics,
  title={Hydrodynamics and sediment transport in the swash zone: a review and perspectives},
  author={Elfrink, Berry and Baldock, Tom},
  journal={Coastal Engineering},
  volume={45},
  number={3},
  pages={149--167},
  year={2002},
  publisher={Elsevier}
}
@book{white2006viscous,
  title={Viscous fluid flow},
  author={White, Frank M and Corfield, Isla},
  volume={3},
  year={2006},
  publisher={McGraw-Hill New York}
}

@article{pujara2015experimental,
  title={An experimental study of the interaction of two successive solitary waves in the swash: A strongly interacting case and a weakly interacting case},
  author={Pujara, Nimish and Liu, Philip L-F and Yeh, Harry H},
  journal={Coastal Engineering},
  volume={105},
  pages={66--74},
  year={2015},
  publisher={Elsevier}
}

@article{liu2007boundary,
  title={Boundary layer flow and bed shear stress under a solitary wave},
  author={Liu, Philip L-F and Park, Yong Sung and Cowen, Edwin A},
  journal={Journal of Fluid Mechanics},
  volume={574},
  pages={449--463},
  year={2007},
  publisher={Cambridge Univ Press}
}

@article{lin2014prebreaking,
  title={Prebreaking internal velocity field induced by a solitary wave propagating over a 1: 10 slope},
  author={Lin, Chang and Yeh, Po-Hung and Hsieh, Shih-Chung and Shih, Ya-Ning and Lo, Li-Fang and Tsai, Ching-Piao},
  journal={Ocean Engineering},
  volume={80},
  pages={1--12},
  year={2014},
  publisher={Elsevier}
}

@article{lin2015study,
  title={Study on Flow Fields of Boundary-Layer Separation and Hydraulic Jump during Rundown Motion of Shoaling Solitary Wave},
  author={Lin, Chang and Kao, Ming-Jer and Tzeng, Guang-Wei and Wong, Wei-Ying and Yang, James and Raikar, Rajkumar V and Wu, Tso-Ren and Liu, Philip Li-Fang},
  journal={Journal of Earthquake and Tsunami},
  volume={9},
  number={05},
  pages={1540002},
  year={2015},
  publisher={World Scientific}
}